% %%%%%%%%%%%%%%%%%%%%%%%%%%%%%%%%%%%%%%%%%%%%%%%%%%%%%%
% Diese Datei enthaelt alle Referenzen.
% Die Formatierung erfolgt entsprechend bibtex
% %%%%%%%%%%%%%%%%%%%%%%%%%%%%%%%%%%%%%%%%%%%%%%%%%%%%%%

@book{gonzalez_digital_image_processing,
  title={Digital image processing},
  author={Gonzalez, Rafael C},
  year={2009},
  publisher={Pearson education india}
}

@article{sahoo_survey_thresholding_techniques,
  title={A survey of thresholding techniques},
  author={Sahoo, Prasanna K and Soltani, SAKC and Wong, Andrew KC},
  journal={Computer vision, graphics, and image processing},
  volume={41},
  number={2},
  pages={233--260},
  year={1988},
  publisher={Elsevier}
}

@article{smith_illumination_correction_method,
  title={CIDRE: an illumination-correction method for optical microscopy},
  author={Smith, Kevin and Li, Yunpeng and Piccinini, Filippo and Csucs, Gabor and Balazs, Csaba and Bevilacqua, Alessandro and Horvath, Peter},
  journal={Nature methods},
  volume={12},
  number={5},
  pages={404--406},
  year={2015},
  publisher={Nature Publishing Group US New York}
}

@article{wang_fcn_microscopic_image_illumination_correction,
  title={Correction of uneven illumination in color microscopic image based on fully convolutional network},
  author={Wang, Jianhang and Wang, Xin and Zhang, Ping and Xie, Shiling and Fu, Shujun and Li, Yuliang and Han, Hongbin},
  journal={Optics express},
  volume={29},
  number={18},
  pages={28503--28520},
  year={2021},
  publisher={Optica Publishing Group}
}

@article{van_diagnostic_methods,
  title={Diagnostic methods I: sensitivity, specificity, and other measures of accuracy},
  author={Van Stralen, Karlijn J and Stel, Vianda S and Reitsma, Johannes B and Dekker, Friedo W and Zoccali, Carmine and Jager, Kitty J},
  journal={Kidney international},
  volume={75},
  number={12},
  pages={1257--1263},
  year={2009},
  publisher={Elsevier}
}

@inproceedings{setiawan_skin_lesion_metrics,
  title={Image segmentation metrics in skin lesion: accuracy, sensitivity, specificity, dice coefficient, Jaccard index, and Matthews correlation coefficient},
  author={Setiawan, Agung W},
  booktitle={2020 International Conference on Computer Engineering, Network, and Intelligent Multimedia (CENIM)},
  pages={97--102},
  year={2020},
  organization={IEEE}
}

@ARTICLE{otsu,
  author={Otsu, Nobuyuki},
  journal={IEEE Transactions on Systems, Man, and Cybernetics}, 
  title={A Threshold Selection Method from Gray-Level Histograms}, 
  year={1979},
  volume={9},
  number={1},
  pages={62-66},
  keywords={Histograms;Marine vehicles;Radar tracking;Least squares approximation;Surveillance;Target tracking;Gaussian distribution;Displays;Q measurement;Sea measurements},
  doi={10.1109/TSMC.1979.4310076}}

@article{sezgin_image_techniques,
  title={Survey over image thresholding techniques and quantitative performance evaluation},
  author={Sezgin, Mehmet and Sankur, Bu{\"{}} lent},
  journal={Journal of Electronic imaging},
  volume={13},
  number={1},
  pages={146--168},
  year={2004},
  publisher={Society of Photo-Optical Instrumentation Engineers}
}

@article{huang_minimizing_fuzziness,
  title={Image thresholding by minimizing the measures of fuzziness},
  author={Huang, Liang-Kai and Wang, Mao-Jiun J},
  journal={Pattern recognition},
  volume={28},
  number={1},
  pages={41--51},
  year={1995},
  publisher={Elsevier}
}

@article{sauvola_adaptive_binarization,
  title={Adaptive document image binarization},
  author={Sauvola, Jaakko and Pietik{\"a}inen, Matti},
  journal={Pattern recognition},
  volume={33},
  number={2},
  pages={225--236},
  year={2000},
  publisher={Elsevier}
}

@inproceedings{long_fcn_segmentation,
  title={Fully convolutional networks for semantic segmentation},
  author={Long, Jonathan and Shelhamer, Evan and Darrell, Trevor},
  booktitle={Proceedings of the IEEE conference on computer vision and pattern recognition},
  pages={3431--3440},
  year={2015}
}

@book{jain_machine_vision,
  title={Machine vision},
  author={Jain, Ramesh and Kasturi, Rangachar and Schunck, Brian G and others},
  volume={5},
  year={1995},
  publisher={McGraw-hill New York}
}

@article{marr_edge_detection_theory,
  title={Theory of edge detection},
  author={Marr, David and Hildreth, Ellen},
  journal={Proceedings of the Royal Society of London. Series B. Biological Sciences},
  volume={207},
  number={1167},
  pages={187--217},
  year={1980},
  publisher={The Royal Society London}
}

@article{canny_computational_approach,
  title={A computational approach to edge detection},
  author={Canny, John},
  journal={IEEE Transactions on pattern analysis and machine intelligence},
  number={6},
  pages={679--698},
  year={1986},
  publisher={Ieee}
}

@inproceedings{ronneberger_cnn,
  title={U-net: Convolutional networks for biomedical image segmentation},
  author={Ronneberger, Olaf and Fischer, Philipp and Brox, Thomas},
  booktitle={Medical image computing and computer-assisted intervention--MICCAI 2015: 18th international conference, Munich, Germany, October 5-9, 2015, proceedings, part III 18},
  pages={234--241},
  year={2015},
  organization={Springer}
}

@article{james_medical_img_fusion,
  title={Medical image fusion: A survey of the state of the art},
  author={James, Alex Pappachen and Dasarathy, Belur V},
  journal={Information fusion},
  volume={19},
  pages={4--19},
  year={2014},
  publisher={Elsevier}
}

@article{cheplygina_transfer_learning,
  title={Not-so-supervised: a survey of semi-supervised, multi-instance, and transfer learning in medical image analysis},
  author={Cheplygina, Veronika and De Bruijne, Marleen and Pluim, Josien PW},
  journal={Medical image analysis},
  volume={54},
  pages={280--296},
  year={2019},
  publisher={Elsevier}
}

@misc{openai_gpt4,
  title = {ChatGPT: GPT-4},
  author = {OpenAI},
  year = {2024},
  howpublished = {\url{https://www.openai.com}},
  note = {Accessed: 2024-08-24}
}