% %%%%%%%%%%%%%%%%%%%%%%%%%%%%%%%%%%%%%%%%%%%%%%%%%%%%%%
% Diese Datei enthaelt alle Referenzen.
% Die Formatierung erfolgt entsprechend bibtex
% %%%%%%%%%%%%%%%%%%%%%%%%%%%%%%%%%%%%%%%%%%%%%%%%%%%%%%

@ARTICLE{otsu,
  author={Otsu, Nobuyuki},
  journal={IEEE Transactions on Systems, Man, and Cybernetics}, 
  title={A Threshold Selection Method from Gray-Level Histograms}, 
  year={1979},
  volume={9},
  number={1},
  pages={62-66},
  keywords={Histograms;Marine vehicles;Radar tracking;Least squares approximation;Surveillance;Target tracking;Gaussian distribution;Displays;Q measurement;Sea measurements},
  doi={10.1109/TSMC.1979.4310076}}
